<?xml version="1.0" encoding="UTF-8"?><collection xmlns="http://www.loc.gov/MARC21/slim"><record><leader>00422nam--2200133-i-4500</leader><controlfield tag="001">000023107</controlfield><controlfield tag="002">20161230</controlfield><controlfield tag="005">20161230201034</controlfield><controlfield tag="008">060222s1000------------r-----000-0-eng-d</controlfield><datafield ind1=" " ind2=" " tag="080"><subfield code="a">621.391:681.31</subfield></datafield><datafield ind1=" " ind2=" " tag="245"><subfield code="a">Information, computers, machines and man. an introductory text to systems engineering</subfield></datafield><datafield ind1=" " ind2=" " tag="260"><subfield code="a">Sydney, John Wiley &amp; Sons Australasia Pty.Ltd., 1971. 347p</subfield></datafield><datafield ind1=" " ind2=" " tag="700"><subfield code="a">A.E.Karbowiak And R.M.Huey</subfield></datafield><datafield ind1=" " ind2=" " tag="852"><subfield code="a">35968</subfield></datafield></record></collection>